<?xml version="1.0" encoding="UTF-8"?><collection xmlns="http://www.loc.gov/MARC21/slim"><record><leader>00539nam--2200181-i-4500</leader><controlfield tag="001">000047427</controlfield><controlfield tag="002">20161230</controlfield><controlfield tag="005">20161230201046</controlfield><controlfield tag="008">060222s1000------------r-----000-0-fre-d</controlfield><datafield ind1=" " ind2=" " tag="040"><subfield code="a">IFIN-HH</subfield></datafield><datafield ind1=" " ind2=" " tag="041"><subfield code="a">fre</subfield></datafield><datafield ind1=" " ind2=" " tag="080"><subfield code="a">539.172.12(042)</subfield></datafield><datafield ind1="1" ind2=" " tag="100"><subfield code="a">Wilk, Stanislas</subfield></datafield><datafield ind1="1" ind2="0" tag="245"><subfield code="a">Production de rayons xk consecutifs au bombardement de protons sur les elements moyens</subfield><subfield code="b">These</subfield><subfield code="c">Stanislas wilk</subfield></datafield><datafield ind1=" " ind2=" " tag="260"><subfield code="a">Grenoble</subfield><subfield code="b">Universite Scientifique Et Medicale</subfield><subfield code="c">1973</subfield></datafield><datafield ind1=" " ind2=" " tag="300"><subfield code="a">93P</subfield></datafield><datafield ind1=" " ind2=" " tag="852"><subfield code="a">42106</subfield><subfield code="c">539.17</subfield></datafield><datafield ind1=" " ind2=" " tag="CAT"><subfield code="a">Sys</subfield><subfield code="c">20120613</subfield><subfield code="h">102101</subfield></datafield></record></collection>